@article{Zhang-2008-IWF,
    author     = {Song Zhang and Stephen Correia and David H. Laidlaw},
    journal    = {IEEE Transactions on Visualization and Computer Graphics},
    month      = {Sept-Oct},
    number     = {5},
    pages      = {1044--1053},
    title      = {Identifying white-matter fiber bundles in DTI  data using an automated proximity-based  fiber-clustering method},
    volume     = {14},
    year       = {2008}
}
