@book{Preim:2007:VMT,
    author       = {Bernhard Preim and Dirk Bartz},
    title        = {Visualization in Medicine: Theory, Algorithms, and Applications},
    publisher    = {Morgan Kaufmann},
    year         = {2007},
    note         = {ISBN: 978-0-12-370596-9}
}
